@book{aiw,
  title     = {Alice's Adventures in Wonderland},
  author    = {Lewis Carroll},
  publisher = {George MacDonald},
  year      = 1865
}
@misc{extex-wiki,
  author = {{Wikipedia contributors}},
  title  = {XeTeX --- {Wikipedia}{,} The Free Encyclopedia},
  year   = {2021},
  url    = {https://en.wikipedia.org/w/index.php?title=XeTeX&oldid=1061338329},
  note   = {[Online; accessed 18-February-2022]}
}
@misc{fs-doc,
  title     = {Cloud firestore | firebase documentation},
  url       = {https://firebase.google.com/docs/firestore},
  publisher = {Google},
  author    = {Google Developers},
  year      = {2021},
  note   = {[Online; accessed 18-February-2022]}
} 
